

@techreport{HaM14,
  address =       {D-10623 Berlin, FRG},
  author =        {P. Ha and V. Mehrmann},
  institution =   {Institut f{\"u}r Mathematik, TU Berlin},
  note =          {{\tt url: http://www.math.tu-berlin.de/preprints/}},
  number =        {2014/?},
  type =          {Preprint},
  title =         {Analysis and numerical solution of linear delay
                   differential-algebraic equations},
  year =          {2014},
}

@book{BelC63,
  author =        {Richard Bellman and Kenneth L. Cooke},
  publisher =     {Elsevier Science},
  series =        {Mathematics in Science and Engineering},
  title =         {Differential-difference equations},
  year =          {1963},
}

@article{BakPT02,
  address =       {Amsterdam, The Netherlands, The Netherlands},
  author =        {Baker, C. T. H. and Paul, C. A. H. and Tian, H.},
  journal =       {J. Comput. Appl. Math.},
  month =         mar,
  number =        {1-2},
  pages =         {63--80},
  publisher =     {Elsevier Science Publishers B. V.},
  title =         {Differential algebraic equations with after-effect},
  volume =        {140},
  year =          {2002},
  doi =           {10.1016/S0377-0427(01)00600-8},
  issn =          {0377-0427},
  url =           {http://dx.doi.org/10.1016/S0377-0427(01)00600-8},
}

@article{HaMS14,
  author =        {Ha, Phi and Mehrmann, Volker and
                   Steinbrecher, Andreas},
  journal =       {J. Dynam. Differential Equations},
  pages =         {1-26},
  publisher =     {Springer US},
  title =         {Analysis of Linear Variable Coefficient Delay
                   Differential-Algebraic Equations},
  year =          {2014},
  doi =           {10.1007/s10884-014-9386-x},
  issn =          {1040-7294},
  language =      {English},
  url =           {http://dx.doi.org/10.1007/s10884-014-9386-x},
}

@article{GugH01,
  author =        {Guglielmi, Nicola and Hairer, Ernst},
  journal =       {Computing},
  number =        {1},
  pages =         {1-12},
  publisher =     {Springer-Verlag},
  title =         {Implementing {R}adau {IIA} Methods for Stiff Delay
                   Differential Equations},
  volume =        {67},
  year =          {2001},
  doi =           {10.1007/s006070170013},
  issn =          {0010-485X},
  url =           {http://dx.doi.org/10.1007/s006070170013},
}

@article{GugH07,
  author =        {Guglielmi, Nicola and Hairer, Ernst},
  journal =       {Adv. Comput. Math.},
  pages =         {229-247},
  publisher =     {Springer U.S.},
  title =         {Computing breaking points in implicit delay
                   differential equations},
  volume =        {29},
  year =          {2008},
  issn =          {1019-7168},
}

@article{AscP95,
  author =        {U. M. Ascher and L. R. Petzold},
  journal =       {{SIAM} J. Numer. Anal.},
  pages =         {1635--1657},
  title =         {The numerical solution of delay-differential
                   algebraic equations of retarded and neutral type},
  volume =        {32},
  year =          {1995},
}

@article{CamL09,
  author =        {S. L. Campbell and Linh, V. H.},
  journal =       {Appl. Math Comput.},
  number =        {2},
  pages =         {397 - 415},
  title =         {Stability criteria for differential-algebraic
                   equations with multiple delays and their numerical
                   solutions},
  volume =        {208},
  year =          {2009},
}

@article{Liu99,
  author =        {Liu, Yunkang},
  journal =       {Adv. Comput. Math.},
  number =        {4},
  pages =         {315-329},
  publisher =     {Kluwer Academic Publishers},
  title =         {Runge - {K}utta collocation methods for systems of
                   functional differential and functional equations},
  volume =        {11},
  year =          {1999},
  doi =           {10.1023/A:1018936328525},
  issn =          {1019-7168},
  url =           {http://dx.doi.org/10.1023/A%3A1018936328525},
}

@article{ShaG06,
  address =       {Amsterdam, The Netherlands, The Netherlands},
  author =        {Shampine, L. F. and Gahinet, P.},
  journal =       {Appl. Numer. Math.},
  month =         mar,
  number =        {3-4},
  pages =         {574--588},
  publisher =     {Elsevier Science Publishers B. V.},
  title =         {Delay-differential-algebraic equations in control
                   theory},
  volume =        {56},
  year =          {2006},
  doi =           {10.1016/j.apnum.2005.04.025},
  issn =          {0168-9274},
  url =           {http://dx.doi.org/10.1016/j.apnum.2005.04.025},
}

@article{TiaYK11,
  author =        {Tian, H. and Yu, Q. and Kuang, J.},
  journal =       {{SIAM} J. Numer. Anal.},
  number =        {1},
  pages =         {68-82},
  title =         {Asymptotic Stability of Linear Neutral Delay
                   Differential-Algebraic Equations and {R}unge--{K}utta
                   Methods},
  volume =        {52},
  year =          {2014},
  doi =           {10.1137/110847093},
  url =           {http://dx.doi.org/10.1137/110847093},
}

@article{ZhuP97,
  author =        {Wenjie Zhu and Linda R. Petzold},
  journal =       {Appl. Numer. Math.},
  pages =         {247 - 264},
  title =         {Asymptotic stability of linear delay
                   differential-algebraic equations and numerical
                   methods},
  volume =        {24},
  year =          {1997},
  doi =           {http://dx.doi.org/10.1016/S0168-9274(97)00024-X},
}

@article{ZhuP98,
  author =        {Wenjie Zhu and Linda R. Petzold},
  journal =       {Appl. Numer. Math.},
  number =        {3},
  pages =         {309 - 325},
  title =         {Asymptotic stability of {H}essenberg delay
                   differential-algebraic equations of retarded or
                   neutral type},
  volume =        {27},
  year =          {1998},
  doi =           {http://dx.doi.org/10.1016/S0168-9274(98)00008-7},
  issn =          {0168-9274},
  url =           {http://www.sciencedirect.com/science/article/pii/
                  S0168927498000087},
}

@article{Hau97,
  author =        {Hauber, R},
  journal =       {Adv. Comput. Math.},
  pages =         {573-592},
  title =         {Numerical treatment of retarded differential
                   algebraic equations by collocation methods},
  volume =        {7},
  year =          {1997},
}

@phdthesis{Ha15,
  address =       {Berlin, Germany},
  author =        {Phi Ha},
  school =        {Institut f{\"u}r Mathematik, TU Berlin},
  type =          {Dissertation},
  title =         {Analysis and numerical solutions of delay
                   differential-algebraic equations},
  year =          {2015},
}

@book{BreCP96,
  address =       {Philadelphia, PA},
  author =        {K. E. Brenan and S. L. Campbell and L. R. Petzold},
  edition =       {2nd},
  publisher =     {{SIAM} Publications},
  title =         {Numerical Solution of Initial-Value Problems in
                   Differential Algebraic Equations},
  year =          {1996},
}

@book{KunM06,
  address =       {Z{\"u}rich, Switzerland},
  author =        {P. Kunkel and V. Mehrmann},
  publisher =     {EMS Publishing House},
  title =         {Differential-Algebraic Equations -- Analysis and
                   Numerical Solution},
  year =          {2006},
}

@article{KunMRW97,
  author =        {P. Kunkel and V. Mehrmann and W. Rath and
                   J. Weickert},
  journal =       {{SIAM} J. Sci. Comput.},
  pages =         {115--138},
  title =         {A new software package for linear
                   differential--algebraic equations},
  volume =        {18},
  year =          {1997},
}

@techreport{KunMS05,
  address =       {Berlin, Germany},
  author =        {P. Kunkel and V. Mehrmann and S. Seidel},
  institution =   {Institut f{\"u}r Mathematik, TU Berlin},
  note =          {{\tt url: http://www.math.tu-berlin.de/preprints/}},
  number =        {16/2005},
  type =          {Technical Report},
  title =         {A {MATLAB} package for the numerical solution of
                   General Nonlinear Differential-Algebraic equations},
  year =          {2005},
}

@article{KunM96a,
  author =        {P. Kunkel and V. Mehrmann},
  journal =       {{SIAM} J. Numer. Anal.},
  pages =         {1941-1961},
  title =         {A New Class of Discretization Methods for the
                   Solution of Linear Differential Algebraic Equations
                   with Variable Coefficients},
  volume =        {33},
  year =          {1996},
}

@article{KunM96c,
  author =        {P. Kunkel and V. Mehrmann},
  journal =       {Electr. Trans. Num. Anal.},
  pages =         {138--157},
  title =         {Local and Global Invariants of Linear
                   Differential-Algebraic Equations and their Relation},
  volume =        {4},
  year =          {1996},
}

@book{BelZ03,
  address =       {Oxford, UK},
  author =        {Bellen, A. and Zennaro, M.},
  publisher =     {Oxford University Press},
  title =         {Numerical Methods for Delay Differential Equations},
  year =          {2003},
}

@manual{matlab,
  address =       {Natick, MA},
  key =           {MATLAB},
  organization =  {The MathWorks, Inc.},
  title =         {{MATLAB} Version 7.0.4.352 (R14)},
  year =          {2005},
}

