% This file was created with JabRef 2.10.
% Encoding: Cp1252


@Article{AscP95,
  Title                    = {The numerical solution of delay-differential
 algebraic equations of retarded and neutral type},
  Author                   = {U. M. Ascher and L. R. Petzold},
  Journal                  = {{SIAM} J. Numer. Anal.},
  Year                     = {1995},
  Pages                    = {1635--1657},
  Volume                   = {32}
}

@Article{BakPT02,
  Title                    = {Differential algebraic equations with after-effect},
  Author                   = {Baker, C. T. H. and Paul, C. A. H. and Tian, H.},
  Journal                  = {J. Comput. Appl. Math.},
  Year                     = {2002},

  Month                    = mar,
  Number                   = {1-2},
  Pages                    = {63--80},
  Volume                   = {140},

  Address                  = {Amsterdam, The Netherlands, The Netherlands},
  Doi                      = {10.1016/S0377-0427(01)00600-8},
  ISSN                     = {0377-0427},
  Publisher                = {Elsevier Science Publishers B. V.},
  Url                      = {http://dx.doi.org/10.1016/S0377-0427(01)00600-8}
}

@Book{BelZ03,
  Title                    = {Numerical Methods for Delay Differential Equations},
  Author                   = {Bellen, A. and Zennaro, M.},
  Publisher                = {Oxford University Press},
  Year                     = {2003},

  Address                  = {Oxford, UK}
}

@Article{Bel61,
  Title                    = {On the computational solution of
 differential-difference equations},
  Author                   = {R. Bellman},
  Journal                  = {J. Math. Anal. Appl.},
  Year                     = {1961},
  Number                   = {1},
  Pages                    = {108 - 110},
  Volume                   = {2},

  Doi                      = {http://dx.doi.org/10.1016/0022-247X(61)90049-X},
  ISSN                     = {0022-247X},
  Url                      = {http://www.sciencedirect.com/science/article/pii/
 0022247X6190049X}
}

@Book{BelC63,
  Title                    = {Differential-difference equations},
  Author                   = {R. Bellman and K.L. Cooke},
  Publisher                = {Elsevier Science},
  Year                     = {1963},
  Series                   = {Mathematics in Science and Engineering}
}

@Article{BelC65,
  Title                    = {On the computational solution of a class of
 functional differential equations},
  Author                   = {R. Bellman and K. L. Cooke},
  Journal                  = {J. Math. Anal. Appl.},
  Year                     = {1965},
  Number                   = {3},
  Pages                    = {495 - 500},
  Volume                   = {12},

  Doi                      = {http://dx.doi.org/10.1016/0022-247X(65)90017-X},
  ISSN                     = {0022-247X},
  Url                      = {http://www.sciencedirect.com/science/article/pii/
 0022247X6590017X}
}

@Book{BreCP96,
  Title                    = {Numerical Solution of Initial-Value Problems in
 Differential Algebraic Equations},
  Author                   = {K. E. Brenan and S. L. Campbell and L. R. Petzold},
  Publisher                = {{SIAM} Publications},
  Year                     = {1996},

  Address                  = {Philadelphia, PA},
  Edition                  = {2nd}
}

@Article{CamL09,
  Title                    = {Stability criteria for differential-algebraic
 equations with multiple delays and their numerical
 solutions},
  Author                   = {S. L. Campbell and Linh, V. H.},
  Journal                  = {Appl. Math Comput.},
  Year                     = {2009},
  Number                   = {2},
  Pages                    = {397 - 415},
  Volume                   = {208}
}

@Article{Cra05,
  Title                    = {Prehistory of {F}a\`{a} di {B}runo's formula},
  Author                   = {Craik, A. D. D.},
  Journal                  = {The American Mathematical Monthly},
  Year                     = {2005},
  Number                   = {2},
  Pages                    = {pp. 119-130},
  Volume                   = {112},

  ISSN                     = {00029890},
  Language                 = {English},
  Url                      = {http://www.jstor.org/stable/30037410}
}

@Article{GugH07,
  Title                    = {Computing breaking points in implicit delay
 differential equations},
  Author                   = {Guglielmi, N. and Hairer, E.},
  Journal                  = {Adv. Comput. Math.},
  Year                     = {2008},
  Pages                    = {229-247},
  Volume                   = {29},

  ISSN                     = {1019-7168},
  Publisher                = {Springer U.S.}
}

@Article{GugH01,
  Title                    = {Implementing {R}adau {IIA} Methods for Stiff Delay
 Differential Equations},
  Author                   = {Guglielmi, N. and Hairer, E.},
  Journal                  = {Computing},
  Year                     = {2001},
  Number                   = {1},
  Pages                    = {1-12},
  Volume                   = {67},

  Doi                      = {10.1007/s006070170013},
  ISSN                     = {0010-485X},
  Publisher                = {Springer-Verlag},
  Url                      = {http://dx.doi.org/10.1007/s006070170013}
}

@PhdThesis{Ha15,
  Title                    = {Analysis and numerical solutions of delay
 differential-algebraic equations},
  Author                   = {Phi Ha},
  School                   = {Institut f{\"u}r Mathematik, TU Berlin},
  Year                     = {2015},

  Address                  = {Berlin, Germany},
  Type                     = {Dissertation}
}

@TechReport{HaM14,
  Title                    = {Analysis and Numerical Solution of Linear Delay Differential-Algebraic Equations},
  Author                   = {Phi Ha and Volker Mehrmann},
  Institution              = {{\sc Preprint 42/2014}, Institut f\"ur Mathematik, TU Berlin},
  Year                     = {2014},
  Note                     = {\it url: http://www.math.tu-berlin.de/preprints/},
  Owner                    = {Administrator},
  Timestamp                = {2015.02.12}
}

@Article{HaMS14,
  Title                    = {Analysis of Linear Variable Coefficient Delay
 Differential-Algebraic Equations},
  Author                   = {Ha, Phi and Mehrmann, Volker and
 Steinbrecher, Andreas},
  Journal                  = {J. Dynam. Differential Equations},
  Year                     = {2014},
  Pages                    = {1-26},

  Doi                      = {10.1007/s10884-014-9386-x},
  ISSN                     = {1040-7294},
  Language                 = {English},
  Publisher                = {Springer US},
  Url                      = {http://dx.doi.org/10.1007/s10884-014-9386-x}
}

@Book{HaiW91,
  Title                    = {Solving Ordinary Differential Equations {II}: Stiff
 and Differential-Algebraic Problems},
  Author                   = {E. Hairer and G. Wanner},
  Publisher                = {Springer-Verlag},
  Year                     = {1991},

  Address                  = {Berlin, Germany},
  Edition                  = {1st}
}

@Article{Hau97,
  Title                    = {Numerical treatment of retarded differential
 algebraic equations by collocation methods},
  Author                   = {Hauber, R},
  Journal                  = {Adv. Comput. Math.},
  Year                     = {1997},
  Pages                    = {573-592},
  Volume                   = {7}
}

@Book{KunM06,
  Title                    = {Differential-Algebraic Equations -- Analysis and
 Numerical Solution},
  Author                   = {P. Kunkel and V. Mehrmann},
  Publisher                = {EMS Publishing House},
  Year                     = {2006},

  Address                  = {Z{\"u}rich, Switzerland}
}

@Article{KunM96a,
  Title                    = {A New Class of Discretization Methods for the
 Solution of Linear Differential Algebraic Equations
 with Variable Coefficients},
  Author                   = {P. Kunkel and V. Mehrmann},
  Journal                  = {{SIAM} J. Numer. Anal.},
  Year                     = {1996},
  Pages                    = {1941-1961},
  Volume                   = {33}
}

@Article{KunM96c,
  Title                    = {Local and Global Invariants of Linear
 Differential-Algebraic Equations and their Relation},
  Author                   = {P. Kunkel and V. Mehrmann},
  Journal                  = {Electr. Trans. Num. Anal.},
  Year                     = {1996},
  Pages                    = {138--157},
  Volume                   = {4}
}

@Article{KunMRW97,
  Title                    = {A new software package for linear
 differential--algebraic equations},
  Author                   = {P. Kunkel and V. Mehrmann and W. Rath and
 J. Weickert},
  Journal                  = {{SIAM} J. Sci. Comput.},
  Year                     = {1997},
  Pages                    = {115--138},
  Volume                   = {18}
}

@TechReport{KunMS05,
  Title                    = {A {MATLAB} package for the numerical solution of
 General Nonlinear Differential-Algebraic equations},
  Author                   = {P. Kunkel and V. Mehrmann and S. Seidel},
  Institution              = {Institut f{\"u}r Mathematik, TU Berlin},
  Year                     = {2005},

  Address                  = {Berlin, Germany},
  Note                     = {{\tt url: http://www.math.tu-berlin.de/preprints/}},
  Number                   = {16/2005},
  Type                     = {Technical Report}
}

@Article{Liu99,
  Title                    = {Runge - {K}utta collocation methods for systems of
 functional differential and functional equations},
  Author                   = {Liu, Y.},
  Journal                  = {Adv. Comput. Math.},
  Year                     = {1999},
  Number                   = {4},
  Pages                    = {315-329},
  Volume                   = {11},

  Doi                      = {10.1023/A:1018936328525},
  ISSN                     = {1019-7168},
  Publisher                = {Kluwer Academic Publishers},
  Url                      = {http://dx.doi.org/10.1023/A%3A1018936328525}
}

@TechReport{Pau94,
  Title                    = {A Test Set of Functional Differential Equations},
  Author                   = {C.A.H. Paul},
  Institution              = {Department of Mathematics},
  Year                     = {1994},

  Address                  = {University of Manchester},
  Type                     = {Technical report},

  Url                      = {http://www.maths.manchester.ac.uk/~chris/reports/
 rep243.pdf}
}

@Article{ShaG06,
  Title                    = {Delay-differential-algebraic equations in control
 theory},
  Author                   = {Shampine, L. F. and Gahinet, P.},
  Journal                  = {Appl. Numer. Math.},
  Year                     = {2006},

  Month                    = mar,
  Number                   = {3-4},
  Pages                    = {574--588},
  Volume                   = {56},

  Address                  = {Amsterdam, The Netherlands, The Netherlands},
  Doi                      = {10.1016/j.apnum.2005.04.025},
  ISSN                     = {0168-9274},
  Publisher                = {Elsevier Science Publishers B. V.},
  Url                      = {http://dx.doi.org/10.1016/j.apnum.2005.04.025}
}

@Article{TiaYK11,
  Title                    = {Asymptotic Stability of Linear Neutral Delay
 Differential-Algebraic Equations and {R}unge--{K}utta
 Methods},
  Author                   = {Tian, H. and Yu, Q. and Kuang, J.},
  Journal                  = {{SIAM} J. Numer. Anal.},
  Year                     = {2014},
  Number                   = {1},
  Pages                    = {68-82},
  Volume                   = {52},

  Doi                      = {10.1137/110847093},
  Url                      = {http://dx.doi.org/10.1137/110847093}
}

@Article{ZhuP97,
  Title                    = {Asymptotic stability of linear delay
 differential-algebraic equations and numerical
 methods},
  Author                   = {W. Zhu and L.R. Petzold},
  Journal                  = {Appl. Numer. Math.},
  Year                     = {1997},
  Pages                    = {247 - 264},
  Volume                   = {24},

  Doi                      = {http://dx.doi.org/10.1016/S0168-9274(97)00024-X}
}

@Article{ZhuP98,
  Title                    = {Asymptotic stability of {H}essenberg delay
 differential-algebraic equations of retarded or
 neutral type},
  Author                   = {W. Zhu and L. R. Petzold},
  Journal                  = {Appl. Numer. Math.},
  Year                     = {1998},
  Number                   = {3},
  Pages                    = {309 - 325},
  Volume                   = {27},

  Doi                      = {http://dx.doi.org/10.1016/S0168-9274(98)00008-7},
  ISSN                     = {0168-9274},
  Url                      = {http://www.sciencedirect.com/science/article/pii/
 S0168927498000087}
}

@Manual{matlab,
  Title                    = {{MATLAB} Version 8.3.0.532 (R2014a)},

  Address                  = {Natick, MA},
  Organization             = {The MathWorks, Inc.},
  Year                     = {2014},

  Key                      = {MATLAB}
}

